@IEEEtranBSTCTL{bstctl:etal,
  CTLuse_forced_etal = {no},
  CTLmax_names_forced_etal = {3},
}

@IEEEtranBSTCTL{bstctl:nodash,
  CTLdash_repeated_names = {no},
}

@IEEEtranBSTCTL{bstctl:simpurl,
  CTLname_url_prefix = {Available: },
}

@article{srinath07,
    author    = "S. Srinath",
    title     = "Feedback Directed Prefetching: Improving the Performance and Bandwidth-Efficiency of Hardware Prefetchers",
    journal   = "High Performance Computer Architecture",
    volume    = "17",
    year      = "2007",
    pages     = "63--74",
}
@unpublished{mutlu13,
    author    = "Onur Mutlu",
    title     = "Lecture 29: Prefetching",
    note      = "Lecture notes for 18-447 at Carnegie Mellon University",
}
